<record><leader>00000cas a22000007a 4500</leader><controlfield tag="001">11601780</controlfield><controlfield tag="008">850121d18811902iauwr ne      0    0ger d</controlfield><datafield ind1=" " ind2=" " tag="010"><subfield code="a">sn 85049517 </subfield></datafield><datafield ind1=" " ind2=" " tag="040"><subfield code="a">INP</subfield><subfield code="b">eng</subfield><subfield code="c">INP</subfield><subfield code="d">OCLCQ</subfield></datafield><datafield ind1="0" ind2=" " tag="041"><subfield code="a">ger</subfield><subfield code="a">eng</subfield></datafield><datafield ind1=" " ind2=" " tag="042"><subfield code="a">msc</subfield></datafield><datafield ind1="0" ind2="0" tag="245"><subfield code="a">Iowa City Post.</subfield></datafield><datafield ind1=" " ind2=" " tag="260"><subfield code="a">Iowa City, Iowa :</subfield><subfield code="b">Fieseler, Keppler &amp; Co.,</subfield><subfield code="c">1881-1902.</subfield></datafield><datafield ind1=" " ind2=" " tag="300"><subfield code="a">22 volumes</subfield></datafield><datafield ind1=" " ind2=" " tag="310"><subfield code="a">Weekly</subfield></datafield><datafield ind1=" " ind2=" " tag="336"><subfield code="a">text</subfield><subfield code="b">txt</subfield><subfield code="2">rdacontent</subfield></datafield><datafield ind1=" " ind2=" " tag="337"><subfield code="a">unmediated</subfield><subfield code="b">n</subfield><subfield code="2">rdamedia</subfield></datafield><datafield ind1=" " ind2=" " tag="338"><subfield code="a">volume</subfield><subfield code="b">nc</subfield><subfield code="2">rdacarrier</subfield></datafield><datafield ind1="0" ind2=" " tag="362"><subfield code="a">Jahrg. 1, Nr. 1 (1. Apr. 1881)-Jahrg. 22, Nr. 12 (13. Juni 1902).</subfield></datafield><datafield ind1=" " ind2=" " tag="500"><subfield code="a">Publishers: Fieseler, Keppler &amp; Co., 1. Apr. 1881-4. Jan. 1882; Otto &amp; Fieseler, 11. Jan. 1882-19. Ma&#776;rz 1884; Max Otto, 26. Ma&#776;rz 1884-5. Juli 1893; Hermann Mahraun, 12. Juli 1893-6. Dez. 1895; Post Pub. Co., 13. Dez. 1895; S.W. &amp; C.S. Mercer, 20. Dez. 1895-28. Feb. 1902; Henry Gundling, 7. Ma&#776;rz.-13. Juni 1902.</subfield></datafield><datafield ind1=" " ind2=" " tag="546"><subfield code="a">In German and English.</subfield></datafield><datafield ind1=" " ind2=" " tag="752"><subfield code="a">United States</subfield><subfield code="b">Iowa</subfield><subfield code="c">Johnson</subfield><subfield code="d">Iowa City.</subfield></datafield><datafield ind1="0" ind2="0" tag="785"><subfield code="t">Iowa Post</subfield><subfield code="w">(DLC)sn 85049518</subfield></datafield></record>